% This file was created with JabRef 2.10.
% Encoding: UTF8


@Article{Montroll1963,
  Title                    = {Correlations and Spontaneous Magnetization of the Two Dimensional Ising Model},
  Author                   = {Montroll, Elliott W. and Potts, Renfrey B. and Ward, John C.},
  Journal                  = {Journal of Mathematical Physics},
  Year                     = {1963},
  Number                   = {2},
  Pages                    = {308-322},
  Volume                   = {4},

  Doi                      = {http://dx.doi.org/10.1063/1.1703955},
  Url                      = {http://scitation.aip.org/content/aip/journal/jmp/4/2/10.1063/1.1703955}
}

